@inproceedings{15prva,
  title={Privacy-preserving ridge regression on hundreds of millions of records},
  author={Nikolaenko, Valeria and Weinsberg, Udi and Ioannidis, Stratis and Joye, Marc and Boneh, Dan and Taft, Nina},
  booktitle={S \& P},
  year={2013},
}

@misc{proof-of-stake,
title={PPCoin: Peer-to-peer crypto-currency with
proof-of-stake},
year={August 2012},
author={Sunny King and Scott Nadal},
HOWPUBLISHED={\url{http://peercoin.net/assets/paper/peercoin-paper.pdf}}
}

% https://opentimestamps.org/
@misc{open-timestamp,
title={Open timestamps},
author={Open timestamps},
HOWPUBLISHED={\url{https://opentimestamps.org/}}
}
% https://stampery.com/
@misc{stampery,
title={Stampery},
author={Stampery},
HOWPUBLISHED={\url{https://stampery.com/}}
}

@misc{deterlab,
title={DeterLab},
author={DeterLab},
HOWPUBLISHED={\url{https://www.isi.deterlab.ne}}
}

@misc{pool-list,
title={Comparison of mining pools},
author={Bitcoin Wiki},
HOWPUBLISHED={\url{https://en.bitcoin.it/wiki/Comparison_of_mining_pools}},
year={Accessed on 10 November, 2016},
}

@misc{btccap,
Title = {{Bitcoin market capitalization}},
HOWPUBLISHED = {\url{https://blockchain.info/charts/market-cap}},
year = {2014},
month ={Sept},
}

@misc{btc-hashrate,
Title = {{Bitcoin hashrate}},
HOWPUBLISHED = {\url{https://blockchain.info/charts/hash-rate}},
year = {2015},
month ={May},
}

@misc{butterfly-labs,
Title = {{Butterfly Labs 1TH {B}itcoin Miner}},
HOWPUBLISHED = {\url{https://products.butterflylabs.com/homepage-new-products/1-th-bitcoin-miner.html}},
year = {2014},
month ={Sept},
}

@misc{max-transaction-rate,
Title = {{Maximum transaction rate of {B}itcoin}},
HOWPUBLISHED = {\url{https://en.bitcoin.it/wiki/Maximum_transaction_rate}},
year = {2014},
month ={Jan},
}

@misc{factom,
Title = {Use case for Factom: The World's First Blockchain Operating System (BOS)},
HOWPUBLISHED = {\url{http://kencode.de/projects/ePlug/Factom-Linux-Whitepaper.pdf}},
year = {2015},
month = {Feb},
}

@misc{proof-of-stake,
author={Sunny, King and Scott, Nadal},
Title = {PPCoin: Peer-to-Peer Crypto-Currency with Proof-of-Stake},
HOWPUBLISHED = {\url{http://peercoin.net/assets/paper/peercoin-paper.pdf}},
year = {2012},
month = {August},
}

@misc{stellar-consensus,
author= {David Mazieres},
Title = {The Stellar Consensus Protocol: A Federated Model for Internet-level Consensus},
HOWPUBLISHED = {\url{https://www.stellar.org/papers/stellar-consensus-protocol.pdf}},
year = {2015},
month = {April},
}

@misc{tendermint,
author={Jae, Kwon},
Title = {TenderMint: Consensus without Mining},
HOWPUBLISHED = {\url{http://jaekwon.com/2014/05/11/tendermint/}},
year = {2014},
month = {May},
}

@inproceedings{byzantine,
 author = {Castro, Miguel and Liskov, Barbara},
 title = {Practical Byzantine Fault Tolerance},
 booktitle = {Proceedings of the Third Symposium on Operating Systems Design and Implementation},
 series = {OSDI '99},
 year = {1999},
 pages = {173--186},
 numpages = {14},
}

@misc{btc-se-bwa,
Title = {{How is block-solution-withholding a threat to mining pools}},
HOWPUBLISHED = {\url{http://bitcoin.stackexchange.com/questions/1338/how-is-block-solution-withholding-a-threat-to-mining-pools}},
}

@misc{beenz,
Title = {{beenz.com}},
HOWPUBLISHED = {\url{http://en.wikipedia.org/wiki/Beenz.com}},
}

@misc{e-gold,
Title = {{E-Gold}},
HOWPUBLISHED = {\url{http://en.wikipedia.org/wiki/E-gold}},
}


@misc{wow-gold,
Title = {{World of Warcraft gold}},
HOWPUBLISHED = {\url{http://en.wikipedia.org/wiki/Gold_farming}},
}

@misc{facebook-credit,
Title = {{Facebook Credits}},
HOWPUBLISHED = {\url{http://en.wikipedia.org/wiki/Facebook_Credits}},
}

@misc{disincentivize-pool,
Title = {{How to Disincentivize Large {B}itcoin Mining Pools}},
HOWPUBLISHED = {\url{http://hackingdistributed.com/2014/06/18/how-to-disincentivize-large-bitcoin-mining-pools/}},
}


@misc{ethereum,
Title = {{Ethereum's white paper}},
HOWPUBLISHED = {\url{https://github.com/ethereum/wiki/wiki/White-Paper}},
author={Ethereum Foundation},
year={2014},
}


@misc{ethereum-yellow-paper,
Title = {Ethereum: A secure decentralised generalised transaction ledger},
HOWPUBLISHED = {\url{http://gavwood.com/paper.pdf}},
author={G. Wood},
year={2014},
}


@misc{thedao,
Title = {TheDAO smart contract},
HOWPUBLISHED = {\url{https://daohub.org/}},
year={2016},
}

@misc{truebit,
author={ Teutsch, Jason and Luu, Loi and Reitwiessner, Christian},
Title = {TrueBit: A verification and storage solution for blockchains},
HOWPUBLISHED = {\url{https://medium.com/@chriseth/truebit-c8b6a129d580#.d2txm5usu}},
year={2016},
}

@inproceedings{bitcoin-smc,
 author = {Andrychowicz, M. and Dziembowski, S. and Malinowski, D. and Mazurek, L.},
 title = {Secure Multiparty Computations on {B}itcoin},
 booktitle = {SP},
 year = {2014},
 pages = {443--458},
}

@article{permacoin,
  title={Permacoin: Repurposing {B}itcoin work for long-term data preservation},
  author={A. Miller et al.},
  journal={IEEE Security and Privacy},
  year={2014}
}

@misc{bitcoin-difficulty,
Title = {{Bitcoin difficulty}},
Author = {{Bitcoin Foundation}},
HOWPUBLISHED = {\url{https://en.bitcoin.it/wiki/Difficulty}},
}

@misc{eligius,
Title = {{Block withholding attack on Eligius mining pool}},
HOWPUBLISHED = {\url{https://bitcointalk.org/?topic=441465.msg7282674}},
}

@inproceedings {eclipse-attacks,
author = {Ethan Heilman and Alison Kendler and Aviv Zohar and Sharon Goldberg},
title = {Eclipse Attacks on Bitcoin{\textquoteright}s Peer-to-Peer Network},
booktitle = {24th USENIX Security Symposium (USENIX Security 15)},
year = {2015},
isbn = {978-1-931971-232},
address = {Washington, D.C.},
pages = {129--144},
publisher = {USENIX Association},
}


@inproceedings{gervais-ccs15,
 author = {Gervais, Arthur and Ritzdorf, Hubert and Karame, Ghassan O. and Capkun, Srdjan},
 title = {Tampering with the Delivery of Blocks and Transactions in Bitcoin},
 booktitle = {Proceedings of the 22Nd ACM SIGSAC Conference on Computer and Communications Security},
 series = {CCS '15},
 year = {2015},
 isbn = {978-1-4503-3832-5},
 location = {Denver, Colorado, USA},
 pages = {692--705},
 numpages = {14},
 url = {http://doi.acm.org/10.1145/2810103.2813655},
 doi = {10.1145/2810103.2813655},
 acmid = {2813655},
 publisher = {ACM},
 address = {New York, NY, USA},
 keywords = {bitcoin, countermeasures., preventing object delivery},
}


@misc{satoshidice,
Title = {{SatoshiDice gambling website}},
HOWPUBLISHED = {\url{https://satoshidice.com/}},
}

@misc{storj,
Title = {{Storj -- Decentralized storage}},
HOWPUBLISHED = {\url{http://storj.io/}},
}


@misc{pool-reward-type,
Title = {{Bitcoin mining pool's reward types}},
HOWPUBLISHED = {\url{https://en.bitcoin.it/wiki/Comparison_of_mining_pools}},
}


@misc{pool-stats,
Title = {{Bitcoin hashrate distribution}},
HOWPUBLISHED = {\url{https://blockchain.info/pools}},
year = {2014},
month = {Sept},
}

@article{bitcoin,
  author    = {Satoshi Nakamoto},
  title     = {Bitcoin: A Peer-to-Peer Electronic Cash System},
  journal   = {bitcoin.org},
  year      = {2009},
  ee        = {http://bitcoin.org/bitcoin.pdf},
}


@misc{bitcoin-weakness,
  author    = {Bitcoin Wiki},
  title     = {Bitcoin weaknesses},
  HOWPUBLISHED = {\url{https://en.bitcoin.it/wiki/Weaknesses}},
}

@misc{bitcon-attacks,
  author    = {Bitcoin Wiki},
  title     = {Bitcoin attacks},
  HOWPUBLISHED = {\url{https://en.bitcoin.it/wiki/Attacks#Attacker_has_a_lot_of_computing_power}},
}

@misc{mining-cartel,
  author    = {RHorning},
  title     = {Mining cartel attack},
  HOWPUBLISHED = {\url{https://bitcointalk.org/index.php?topic=2227.0}},
}

@misc{luke-jr-solution,
  author    = {Luke-Jr},
  title     = {Defeating the block withholding attack},
  HOWPUBLISHED = {\url{http://sourceforge.net/p/bitcoin/mailman/message/29361475/}},
  year      = {2012},
}

@article{pool-analysis,
  author    = {Meni Rosenfeld},
  title     = {Analysis of {B}itcoin Pooled Mining Reward Systems},
  journal   = {CoRR},
  volume    = {abs/1112.4980},
  year      = {2011},
  ee        = {http://arxiv.org/abs/1112.4980},
}

@inproceedings{bitcoin-p2p-anon,
  title = {An Analysis of Anonymity in {B}itcoin Using {P2P} Network Traffic},
  author = {Philip Koshy and Diana Koshy and Patrick McDaniel},
  booktitle = {Proceedings of Financial Cryptography and Data Security (FC'14)},
  year = {2014},
  month = {March},
}

@article{bwa,
  author    = {Nicolas T. Courtois and
               Lear Bahack},
  title     = {On Subversive Miner Strategies and Block Withholding Attack
               in {B}itcoin Digital Currency},
  journal   = {CoRR},
  volume    = {abs/1402.1718},
  year      = {2014},
  ee        = {http://arxiv.org/abs/1402.1718},
}

@article{bitcoin-majority,
  title={Majority is not enough: {B}itcoin mining is vulnerable},
  author={Eyal, Ittay and Sirer, Emin G{\"u}n},
  journal={arXiv preprint arXiv:1311.0243},
  year={2013},
  publisher={arXiv}
}

@misc{smartpool-eprint,
    author = {Loi Luu and Yaron Velner and Jason Teutsch and Prateek Saxena},
    title = {SMART POOL : Practical Decentralized Pooled Mining},
    howpublished = {Cryptology ePrint Archive, Report 2017/019},
    year = {2017},
    note = {\url{http://eprint.iacr.org/2017/019}},
}

@misc{p2pool,
  title={P2Pool: Decentralized bitcoin mining pool},
  howpublished={\url{http://p2pool.org/}},
}

@misc{bitcoin-majority-forum,
  author    = {Bitcointalk members},
  title     = {Majority is not Enough: {B}itcoin Mining is Vulnerable},
  HOWPUBLISHED = {\url{https://bitcointalk.org/index.php?topic=324413.0}},
  year      = {2013},
}

@misc{bithopper,
  author    = {Colin Rice},
  title     = {A pool hopping client for {B}itcoin},
  HOWPUBLISHED = {\url{https://github.com/c00w/bitHopper}},
  year      = {2012},
}


@misc{geometric-method,
  author    = {Meni Rosenfeld},
  title     = {Geometric method: New cheat-proof mining pool scoring method},
  HOWPUBLISHED = {\url{https://bitcointalk.org/index.php?topic=4787.10}},
  year      = {2011},
}

@misc{slush-method,
  author    = {Slush},
  title     = {Slush method},
  HOWPUBLISHED = {\url{https://bitcointalk.org/index.php?topic=1976.msg50002#msg50002}},
  year      = {2011},
}

@misc{bitcoin-magazine-selfish,
  author    = {Vitalik Buterin},
  title     = {Selfish Mining: A 25% Attack Against the Bitcoin Network},
  HOWPUBLISHED = {\url{http://bitcoinmagazine.com/7953/selfish-mining-a-25-attack-against-the-bitcoin-network/}},
  year      = {2013},
}

@misc{bitcoin-is-broken,
  author    = {Ittay Eyal and Emin Gun Sirer},
  title     = {Bitcoin Is Broken},
  HOWPUBLISHED = {\url{http://hackingdistributed.com/2013/11/04/bitcoin-is-broken/}},
  year      = {2013},
}

@misc{simbit,
  author    = {ebuff},
  title     = {Simbit - {B}itcoin simulator},
  HOWPUBLISHED = {\url{https://github.com/ebfull/simbit}},
  year      = {2014},
}

@misc{btcsim,
  author    = {Rafael Brune},
  title     = {Btcsim - {B}itcoin Network Simulator},
  HOWPUBLISHED = {\url{https://github.com/rbrune/btcsim}},
  year      = {2013},
}


@misc{rea-bitcoin,
  author     = {US-CERT/NIST},
  title    = {Resource exhaustion attack in {B}itcoin},
  HOWPUBLISHED = {\url{https://web.nvd.nist.gov/view/vuln/detail?vulnId=CVE-2013-2292}},
  year      = {2013},
}
@misc{rea-btc-talk,
  author     = {Sergio Demian Lerner},
  title    = {New {B}itcoin vulnerability: A transaction that takes at least 3 minutes to be verified by a peer},
  HOWPUBLISHED = {\url{https://bitcointalk.org/?topic=140078}},
  year      = {2013},
}

@misc{bitcoin-is-not-broken,
  author    = {Ed Felten},
  title     = {Bitcoin isn't so broken after all},
  HOWPUBLISHED = {\url{https://freedom-to-tinker.com/blog/felten/bitcoin-isnt-so-broken-after-all/}},
  year      = {2013},
}

@inproceedings{miller2001capability,
  title={Capability-based financial instruments},
  author={Miller, Mark S and Morningstar, Chip and Frantz, Bill},
  booktitle={Financial Cryptography},
  pages={349--378},
  year={2001},
  organization={Springer}
}

@misc{freimarkets,
title={Freimarkets: extending {B}itcoin protocol with user-speciﬁed bearer instruments, peer-to-peer exchange, off-chain accounting, auctions, derivatives and transitive transactions},
howpublished={\url{http://freico.in/docs/freimarkets.pdf}},
author={M. Friedenbach and J. Timon},
year={2013},
month={August}
}



@misc{jgarzik-smartcoin,
title={Smartcoin: Distributed smart property software},
author={Jeff Garzik},
url={https://github.com/jgarzik/smartcoin},
year={2012}
}

@misc{nick-szabo,
title={The Idea of Smart Contracts},
author={N. Szabo},
howpublished={\url{http://szabo.best.vwh.net/smart_contracts_idea.html}},
year={1997}
}


@misc{bitcointalk-bondmarkets,
title={Distributed bond markets and pay-to-policy outputs},
url={https://bitcointalk.org/index.php?topic=92421.0},
author={M. Hearn},
year={2012}
}

@article{szabo1997formalizing,
  title={Formalizing and securing relationships on public networks},
  author={N. Szabo},
  journal={First Monday},
  volume={2},
  number={9},
  year={1997}
}


@misc{mastercoin,
 howpublished={\url{https://sites.google.com/site/2ndbtcwpaper/MasterCoin\%20Specification\%201.1.pdf}},
 author={J. R. Willett},
 year={2013},
 title={MasterCoin Complete Specification, v1.1}
}

@misc{coloredcoins,
   title={Overview of Colored Coins},
   author={M. Rosenfeld},
   year={2012},
   url={https://bitcoil.co.il/BitcoinX.pdf}
}

@misc{bitcointalk-coloredcoins,
   title={ArmoryX (colored coins): issue and trade private currencies/stocks/bonds/etc},
   author={killerstorm},
   year={2012},
   url={https://bitcointalk.org/index.php?topic=106373.0}
}


@inproceedings{bitcoinsnack,
  title={Have a snack, pay with {B}itcoins},
  author={T. Bamert},
  booktitle={P2P},
  pages={1--5},
  year={2013},
  organization={IEEE}
}

@inproceedings{decker2013information,
  title={Information propagation in the {B}itcoin network},
  author={Decker, C.  and Wattenhofer, R.},
  booktitle={P2P},
  pages={1--10},
  year={2013},
  organization={IEEE}
}

@misc{blocknetworkcoding,
  title={block network coding},
  author={G. Maxwell},
  howpublished={Wiki article: \url{https://en.bitcoin.it/wiki/User:Gmaxwell/block_network_coding}}
}

@misc{bitcoin.org,
  title = {{Bitcoin - {P2P} Digital Currency}},
  howpublished = {\url{http://bitcoin.org}},
  key = {Bitcoin},
}



@inproceedings{bitcoin-weis,
    title = "The Economics of {B}itcoin Mining, or {B}itcoin in the Presence of Adversaries",
    author = "Joshua A. Kroll and Ian C. Davey and Edward W. Felten",
    booktitle = "{W}orkshop on the {E}conomics of {I}nformation {S}ecurity",
    location = "Washington, DC",
    month = Jun,
    year = 2013,
}

@misc{mtgox,
  title = {{Mt. {G}ox - {B}itcoin Exchange}},
  howpublished = {\url{http://mtgox.com}},
  key = {Mt. Gox}
}

@misc{silkroadStudy,
  title={{Commerce and Reputation in Online Illegal Drug Markets}},
  author = {T. Bauman},
  howpublished = {Princeton University Senior Thesis},
  year = 2013,
}


@inproceedings{androulaki2013evaluating,
  title={{Evaluating User Privacy in {B}itcoin}},
  author={Androulaki, Elli and Karame, Ghassan O and Roeschlin, Marc and Scherer, Tobias and Capkun, Srdjan},
  booktitle = {Proceedings of Financial Cryptography},
  year = 2013,
}

@inproceedings{karame2012double,
  title={Double-spending fast payments in {B}itcoin},
  author={Karame, Ghassan O and Androulaki, Elli and Capkun, Srdjan},
  booktitle={{Proceedings of the 2012 ACM conference on Computer and Communications Security}},
  pages={906--917},
  year={2012},
  organization={ACM}
}

@inproceedings{ron2013quantitative,
  title={{Quantitative Analysis of the Full {B}itcoin Transaction Graph}},
  author={Ron, Dorit and Shamir, Adi},
  booktitle = {Proceedings of Financial Cryptography},
  year = 2013,
}

@inproceedings{babaioff2012bitcoin,
  title={{On {B}itcoin and Red Balloons}},
  author={Babaioff, Moshe and Dobzinski, Shahar and Oren, Sigal and Zohar, Aviv},
  booktitle={Proceedings of the 13th ACM Conference on Electronic Commerce},
  pages={56--73},
  year={2012},
  organization={ACM}
}

@misc{back2002hashcash,
  title={Hashcash-a denial of service counter-measure},
  author={Back, Adam and others},
  howpublished={\url{http://www.hashcash.org/papers/hashcash.pdf}},
  year={2002}
}

@misc{bmoney,
  title={b-money},
  author={Wei Dai},
  howpublished={\url{http://www.weidai.com/bmoney.txt}},
  year=1998,
}

@misc{lauriecoin,
  title={An Efficient Distributed Currency},
  author={Laurie, Ben},
  year={2011},
  howpublished={Online, \url={http://www.links.org/files/distributed-currency.pdf}}
}

@inproceedings{laurie2004proof,
  title={Proof-of-work proves not to work},
  author={Laurie, Ben and Clayton, Richard},
  booktitle={Workshop on Economics and Information Security},
  volume={2004},
  year={2004}
}

@inproceedings{dwork1993pricing,
  title={Pricing via processing or combatting junk mail},
  author={Dwork, Cynthia and Naor, Moni},
  booktitle={CRYPTO},
  year={1992},
}


@misc{manchinletter,
  title={Manchin Urges Federal Law Enforcement to Shut Down Online Black Market for Illegal Drugs},
  howpublished={\url{http://manchin.senate.gov/public/index.cfm/press-releases?ID=284ae54a-acf1-4258-be1c-7acee1f7e8b3}},
  year=2011,
  author={Charles E. Schumer and Joe Manchin},
}

@inproceedings{barber2013bitter,
  title={{Bitter to Better---How to Make {B}itcoin a Better Currency}},
  author={Simon Barber and Xavier Boyen and Elaine Shi and Ersin Uzun},
  booktitle={{Proceedings of Financial Cryptography}},
  year=2013,
}

@misc{fbibitcoin,
  title={{Bitcoin Virtual Currency: Unique Features Present Distinct Challenges for Deterring Illicit Activity}},
  howpublished={\url{http://www.wired.com/images_blogs/threatlevel/2012/05/Bitcoin-FBI.pdf}},
  author={{FBI Directorate of Intelligence Cyber Intelligence Section and Criminal Intelligence Section}},
  year=2012,
}

@misc{sipa.be,
  title={Bitcoin Network Graphs},
  author={Pieter Wuille},
  howpublished={\url{http://bitcoin.sipa.be/}},
  key={sipa.be},
}


@misc{blockchain-ntrans,
  title={Bitcoin Average Number of Transactions per Block},
  author={blockchain.info},
  howpublished={\url{https://blockchain.info/charts/n-transactions-per-block}},
}
@misc{poolwatch,
  title={{Neighborhood Pool Watch}},
  author={{organofcorti}},
  howpublished={\url{http://organofcorti.blogspot.com/}},
}

@misc{btcguild,
  title={B{TC} {G}uild},
  howpublished={\url{http://www.btcguild.com}},
  key={BTC Guild},
}

@misc{greenaddress,
  howpublished={\url{https://bitcointalk.org/index.php?topic=32818.0}},
  title={Instawallet introduces new approach to instant payment: Green address technique},
  year={2011},
  month={July},
  author={jav},
}

@article{zerocoin,
  title={{Zerocoin: Anonymous Distributed E-Cash from {B}itcoin}},
  author={Miers, Ian and Garman, Christina and Green, Matthew and Rubin, Aviel D},
  year={2013},
  journal={{IEEE Symposium on Security and Privacy}},
}

@inproceedings{zerocash,
 author = {Sasson, Eli Ben and Chiesa, Alessandro and Garman, Christina and Green, Matthew and Miers, Ian and Tromer, Eran and Virza, Madars},
 title = {Zerocash: Decentralized Anonymous Payments from {B}itcoin},
 booktitle = {Proceedings of the 2014 IEEE Symposium on Security and Privacy},
 series = {SP '14},
 year = {2014},
 isbn = {978-1-4799-4686-0},
 numpages = {16},
}


 @incollection{breadpudding,
  title={Proofs of work and bread pudding protocols},
  author={Jakobsson, Markus and Juels, Ari},
  booktitle={Secure Information Networks},
  pages={258--272},
  year={1999},
  publisher={Springer}
}

@inproceedings{becker2012can,
  title={{Can We Afford Integrity by Proof-of-Work? Scenarios Inspired by the {B}itcoin Currency}},
  author={Becker, J{\"o}rg and Breuker, Dominic and Heide, Tobias and Holler, Justus and Rauer, Hans and B{\"o}hme, Rainer},
  booktitle={Workshop on the Economics of Information Security},
  year={2012}
}

@book{skyrms2003stag,
  title={The stag hunt and the evolution of social structure},
  author={Skyrms, Brian},
  year={2003},
  publisher={Cambridge University Press}
}

@misc{bitcoin-fork-news,
  title={Major glitch in {B}itcoin network sparks sell-off; price temporarily falls 23\%},
  howpublished={\url{http://arstechnica.com/business/2013/03/major-glitch-in-bitcoin-network-sparks-sell-off-price-temporarily-falls-23/}},
  author={Timothy B. Lee},
  date={March 11, 2013}
}

@misc{bitcoin-crash-news,
  title={Bitcoin Suffers A Correction Amid Apparent {DDOS} Attacks On Some Exchanges},
  howpublished={\url{http://techcrunch.com/2013/04/10/bitcoin-crash/}},
  author={Kim-Mai Cutler},
  date={April 10, 2013},
}

@inproceedings{mixcoin,
  title={Mixcoin: Anonymity for {B}itcoin with accountable mixes},
  author={Bonneau, Joseph and Narayanan, Arvind and Miller, Andrew and Clark, Jeremy and Kroll, Joshua A and Felten, Edward W},
  booktitle={Financial Cryptography and Data Security},
  year={2014},
  month={March}
}

@article{moore2013beware,
  title={Beware the Middleman: Empirical Analysis of {B}itcoin-Exchange Risk},
  author={Moore, Tyler and Christin, Nicolas},
  journal={Financial Cryptography},
  year={2013},
}

@book{suber1990paradox,
  title={The paradox of self-amendment},
  author={Suber, Peter},
  year={1990},
  publisher={Peter Lang New York}
}

@misc{paytoscripthash,
  year={2012},
  month={1},
  author={Gavin Andresen},
  title={Pay to Script Hash},
  howpublished={Bitcoin Improvement Proposal (BIP16) \url{https://github.com/bitcoin/bips/blob/master/bip-0016.mediawiki}}
}

@misc{bitcoin-news-winklevoss,
  title={Never Mind {F}acebook; {W}inklevoss Twins Rule in Digital Money},
  howpublished={\url{http://dealbook.nytimes.com/2013/04/11/as-big-investors-emerge-bitcoin-gets-ready-for-its-close-up/}},
  author={Nathaniel Popper AND Peter Lattman},
  date={April 11, 2013}
}

@article{fc-weird-trick,
  author    = {Ethan Heilman},
  title     = {One Weird Trick to Stop Selfish Miners: Fresh {B}itcoins, {A} Solution
               for the Honest Miner},
  journal   = {{IACR} Cryptology ePrint Archive},
  year      = {2014},
  url       = {http://eprint.iacr.org/2014/007},
}

@misc{btcfoundation,
  title={Bitcoin {F}oundation},
  howpublished={\url{https://bitcoinfoundation.org}},
  key={Bitcoin Foundation}
}

@misc{Litecoin,
  title = {{Litecoin - Open source {P2P} digital currency}},
  howpublished = {\url{http://litecoin.org/}},
  key = {Litecoin},
}

@misc{Freicoin,
  title = {Freicoin - easy-to-use demurrage currency},
  howpublished = {\url{http://freico.in/}},
  key = {Freicoin},
}

@misc{silkroad,
  title = {Here's What It's Like To Buy Drugs On Three Anonymous Online Black Markets},
  author = {Andy Greenberg},

  howpublished = {\url{http://www.forbes.com/sites/andygreenberg/2013/08/14/heres-what-its-like-to-buy-drugs-on-three-anonymous-online-black-markets/
}},
  journal={Forbes},
  year={2013},
  month={August},
}

@misc{wikileaks,
  title = {Wiki{L}eaks Bypasses Financial Blockade With {B}itcoin},
  author = {Jon Matonis},

  howpublished = {\url{http://www.forbes.com/sites/jonmatonis/2012/08/20/wikileaks-bypasses-financial-blockade-with-bitcoin/}},
  journal={Forbes},
  year={2012},
  month={August},
}

@incollection{commitcoin,
  title={CommitCoin: carbon dating commitments with {B}itcoin},
  author={Clark, Jeremy and Essex, Aleksander},
  booktitle={Financial Cryptography and Data Security},
  pages={390--398},
  year={2012},
  publisher={Springer}
}

@inproceedings{fistful-bitcoins,
 author = {Meiklejohn, Sarah and Pomarole, Marjori and Jordan, Grant and Levchenko, Kirill and McCoy, Damon and Voelker, Geoffrey M. and Savage, Stefan},
 title = {A Fistful of {B}itcoins: Characterizing Payments Among Men with No Names},
 booktitle = {Proceedings of the 2013 Conference on Internet Measurement Conference},
 series = {IMC '13},
 year = {2013},
 isbn = {978-1-4503-1953-9},
 location = {Barcelona, Spain},
 pages = {127--140},
 numpages = {14},
 url = {http://doi.acm.org/10.1145/2504730.2504747},
 doi = {10.1145/2504730.2504747},
 acmid = {2504747},
 publisher = {ACM},
 address = {New York, NY, USA},
}

@inproceedings{quantify-transaction-graph,
  author    = {Dorit Ron and
               Adi Shamir},
  title     = {Quantitative Analysis of the Full {B}itcoin Transaction Graph},
  booktitle = {Financial Cryptography and Data Security - 17th International Conference,
               {FC} 2013, Okinawa, Japan, April 1-5, 2013, Revised Selected Papers},
  year      = {2013},
  pages     = {6--24},
  url       = {http://dx.doi.org/10.1007/978-3-642-39884-1_2},
  doi       = {10.1007/978-3-642-39884-1_2},
  timestamp = {Wed, 10 Sep 2014 14:18:20 +0200},
}

@misc{lerner-anon,
  title = {New vulnerability: know your peer public addresses},
  author = {Sergio Lerner},

  howpublished = {\url{https://bitcointalk.org/?topic=135856}},
  journal={Bitcointalk},
  year={2013},
  month={Jan},
}

@article{deanonymization,
  author    = {Alex Biryukov and
               Dmitry Khovratovich and
               Ivan Pustogarov},
  title     = {Deanonymisation of clients in {B}itcoin {P2P} network},
  journal   = {CoRR},
  year      = {2014},
  volume    = {abs/1405.7418},
  url       = {http://arxiv.org/abs/1405.7418},
  timestamp = {Sun, 07 Sep 2014 09:30:24 +0200},
}

@inproceedings{eval-user-privacy,
  author    = {Elli Androulaki and
               Ghassan Karame and
               Marc Roeschlin and
               Tobias Scherer and
               Srdjan Capkun},
  title     = {Evaluating User Privacy in {B}itcoin},
  booktitle = {Financial Cryptography and Data Security - 17th International Conference,
               {FC} 2013, Okinawa, Japan, April 1-5, 2013, Revised Selected Papers},
  year      = {2013},
  pages     = {34--51},
  url       = {http://dx.doi.org/10.1007/978-3-642-39884-1_4},
  doi       = {10.1007/978-3-642-39884-1_4},
  timestamp = {Wed, 10 Sep 2014 14:21:03 +0200},
}

@incollection{reid-anonymity,
  title={An analysis of anonymity in the {B}itcoin system},
  author={Reid, Fergal and Harrigan, Martin},
  booktitle={Security and Privacy in Social Networks},
  pages={197--223},
  year={2013},
  publisher={Springer}
}

@misc{coinswap,
 howpublished={\url{https://bitcointalk.org/index.php?topic=321228}},
 author={gmaxwell},
 year={2013},
 month={October},
 title={CoinSwap: Transaction graph disjoint trustless trading}
}

@misc{orphan-transaction-attack,
 howpublished={\url{https://bitcointalk.org/index.php?topic=136422.0}},
 author={Sergio Lerner},
 year={2013},
 month={January},
 title={Fixed vulnerability explanation: Why the signature cache is a DoS protection}
}

@misc{coinjoin,
 howpublished={\url{https://bitcointalk.org/index.php?topic=279249.0}},
 author={gmaxwell},
 year={2013},
 month={August},
 title={CoinJoin: {B}itcoin privacy for the real world}
}

@misc{andrew-coinscope,
 howpublished={\url{http://cs.umd.edu/projects/coinscope/coinscope.pdf}},
 author={Andrew Miller and  James Litton and  Andrew Pachulski and  Neal Gupta, Dave Levin, Neil Spring and Bobby Bhattacharjee},
 year={2015},
 month={May},
 title={Discovering {B}itcoin's Public Topology and Influential Nodes}
}

@inproceedings{the-sybil-attack,
 author = {Douceur, John R.},
 title = {The Sybil Attack},
 booktitle = {Revised Papers from the First International Workshop on Peer-to-Peer Systems},
 series = {IPTPS '01},
 year = {2002},
 pages = {251--260},
 numpages = {10},
 acmid = {687813},
 publisher = {Springer-Verlag},
 address = {London, UK, UK},
}


@inproceedings{bitcoin-sok,
  title="{{SoK}: Bitcoin and second-generation cryptocurrencies}",
  booktitle="IEEE Security and Privacy 2015",
  author="Joseph Bonneau and Andrew Miller and Jeremy Clark and Arvind Naryanan and Joshua A. Kroll and Edward W. Felten",
  month="May",
  location="San Jose, CA, USA",
  year="2015",
}

@inproceedings{bitcoin-ccs14,
  author    = {Ranjit Kumaresan and
               Iddo Bentov},
  title     = {How to Use {B}itcoin to Incentivize Correct Computations},
  booktitle = {Proceedings of the 2014 {ACM} {SIGSAC} Conference on Computer and
               Communications Security, 2014},
  pages     = {30--41},
  year      = {2014},
}

@inproceedings{bitcoin-crypto14,
  author    = {Iddo Bentov and
               Ranjit Kumaresan},
  title     = {How to Use {B}itcoin to Design Fair Protocols},
  booktitle = {Advances in Cryptology - {CRYPTO} 2014 - 34th Annual Cryptology Conference,
               Santa Barbara, CA, USA, August 17-21, 2014, Proceedings, Part {II}},
  pages     = {421--439},
  year      = {2014},
}

@article{Hall35,
author = {Hall, P.},
title = {On Representatives of Subsets},
volume = {s1-10},
number = {1},
pages = {26-30},
year = {1935},
doi = {10.1112/jlms/s1-10.37.26},
url = {http://jlms.oxfordjournals.org/content/s1-10/1/26.short},
journal = {Journal of the London Mathematical Society}
}

@article{HK73,
author = {John E. Hopcroft and Richard M. Karp},
title = {An $n^{5/2}$ Algorithm for Maximum Matchings in Bipartite Graphs},
journal = {SIAM Journal on Computing},
volume = {2},
number = {4},
pages = {225-231},
year = {1973},
doi = {10.1137/0202019},
URL = {http://dx.doi.org/10.1137/0202019},
}

@article{AS08,
author = {Noga Alon and Asaf Shapira},
title = {Every Monotone Graph Property Is Testable},
journal = {SIAM Journal on Computing},
volume = {38},
number = {2},
pages = {505-522},
year = {2008},
doi = {10.1137/050633445},
URL = {http://dx.doi.org/10.1137/050633445},
}

@incollection {Sze78,
    AUTHOR = {Szemer{\'e}di, Endre},
     TITLE = {Regular partitions of graphs},
 BOOKTITLE = {Probl\`emes combinatoires et th\'eorie des graphes ({C}olloq.
              {I}nternat. {CNRS}, {U}niv. {O}rsay, {O}rsay, 1976)},
    SERIES = {Colloq. Internat. CNRS},
    VOLUME = {260},
     PAGES = {399--401},
      YEAR = {1978},
}

@book{Gol10,
 author = {Goldreich, Oded},
 title = {Property Testing},
 series = {Theoretical Computer Science and General Issues},
 volume = {6390},
 year = {2010},
 publisher = {Springer-Verlang Berlin Heidelberg},
 doi = {10.1007/978-3-642-16367-8},
}

@ARTICLE{Fischer01theart,
    author = {Eldar Fischer},
    title = {The art of uninformed decisions: A primer to property testing},
    journal = {Science},
    year = {2001},
    volume = {75},
    pages = {97--126}
}


@inproceedings{cmt,
 author = {Cormode, Graham and Mitzenmacher, Michael and Thaler, Justin},
 title = {Practical Verified Computation with Streaming Interactive Proofs},
 booktitle = {Proceedings of the 3rd Innovations in Theoretical Computer Science Conference},
 series = {ITCS '12},
 year = {2012},
 pages = {90--112},
 numpages = {23},
}

@inproceedings{thaler,
  author    = {Justin Thaler},
  title     = {Time-Optimal Interactive Proofs for Circuit Evaluation},
  booktitle = {Advances in Cryptology - {CRYPTO} 2013 - 33rd Annual Cryptology Conference,
               Santa Barbara, CA, USA, August 18-22, 2013. Proceedings, Part {II}},
  pages     = {71--89},
  year      = {2013},
}

@inproceedings{pepper,
  author    = {Srinath T. V. Setty and
               Richard McPherson and
               Andrew J. Blumberg and
               Michael Walfish},
  title     = {Making argument systems for outsourced computation practical (sometimes)},
  booktitle = {19th Annual Network and Distributed System Security Symposium, {NDSS}},
  pages = {253--268},
  year      = {2012},
}

@inproceedings{nonoutsourceable,
 author = {Miller, Andrew and Kosba, Ahmed and Katz, Jonathan and Shi, Elaine},
 title = {Nonoutsourceable Scratch-Off Puzzles to Discourage Bitcoin Mining Coalitions},
 booktitle = {Proceedings of the 22Nd ACM SIGSAC Conference on Computer and Communications Security},
 series = {CCS '15},
 year = {2015},
 isbn = {978-1-4503-3832-5},
 location = {Denver, Colorado, USA},
 pages = {680--691},
 numpages = {12},
 url = {http://doi.acm.org/10.1145/2810103.2813621},
 doi = {10.1145/2810103.2813621},
 acmid = {2813621},
 publisher = {ACM},
 address = {New York, NY, USA},
 keywords = {bitcoin, puzzles, zero knowledge},
}

@inproceedings{ginger,
 author = {Setty, Srinath and Vu, Victor and Panpalia, Nikhil and Braun, Benjamin and Blumberg, Andrew J. and Walfish, Michael},
 title = {Taking Proof-based Verified Computation a Few Steps Closer to Practicality},
 booktitle = {Proceedings of the 21st USENIX Conference on Security Symposium},
 series = {Security'12},
 year = {2012},
}

@inproceedings{pinocchio,
 author = {Parno, Bryan and Howell, Jon and Gentry, Craig and Raykova, Mariana},
 title = {Pinocchio: Nearly Practical Verifiable Computation},
 booktitle = {Proceedings of the 2013 IEEE Symposium on Security and Privacy},
 series = {SP '13},
 year = {2013},
 isbn = {978-0-7695-4977-4},
 pages = {238--252},
 numpages = {15},
}

@inproceedings{pantry,
 author = {Braun, Benjamin and Feldman, Ariel J. and Ren, Zuocheng and Setty, Srinath and Blumberg, Andrew J. and Walfish, Michael},
 title = {Verifying Computations with State},
 booktitle = {Proceedings of the Twenty-Fourth ACM Symposium on Operating Systems Principles},
 series = {SOSP '13},
 year = {2013},
 pages = {341--357},
 numpages = {17},
}

@misc{tinyram,
    author = {Eli Ben-Sasson and Alessandro Chiesa and Daniel Genkin and Eran Tromer and Madars Virza},
    title = {SNARKs for C: Verifying Program Executions Succinctly and in Zero Knowledge},
    howpublished = {Cryptology ePrint Archive, Report 2013/507},
    year = {2013},
    note = {\url{http://eprint.iacr.org/}},
}


@misc{gavin-blocksize,
    author = {Gavin Andresen},
    title = {Why increasing the max block size is urgent},
    year = {2015},
    month= {May},
    howpublished = {\url{http://gavinandresen.ninja/why-increasing-the-max-block-size-is-urgent}},
}

@article{program-termination,
 author = {Cook, Byron and Podelski, Andreas and Rybalchenko, Andrey},
 title = {Proving Program Termination},
 journal = {Commun. ACM},
 volume = {54},
 number = {5},
 month = {May},
 year = {2011},
 pages = {88--98},
}

@misc{prop-test-1,
  author    = {Dana Ron},
  title     = {Property Testing (A Tutorial)},
  HOWPUBLISHED = {\url{http://www.eng.tau.ac.il/~danar/Public-pdf/tut.pdf}},
  year      = {2000},
}

@incollection{prop-test-2,
  author    = {Oded Goldreich},
  title     = {Introduction to Testing Graph Properties},
  booktitle = {Studies in Complexity and Cryptography. Miscellanea on the Interplay between Randomness and Computation},
  pages     = {470--506},
  year      = {2011},
}

@article{prop-test-3,
  author    = {Oded Goldreich},
  title     = {Combinatorial Property Testing (a survey).},
  journal   = {Electronic Colloquium on Computational Complexity {(ECCC)}},
  volume    = {4},
  number    = {56},
  year      = {1997},
  url       = {http://eccc.hpi-web.de/eccc-reports/1997/TR97-056/index.html},
}

@inproceedings{bwh,
    author = {L. Luu and R. Saha and I. Parameshwaran and P. Saxena and A. Hobor},
    title = {On Power Splitting Games in Distributed Computation: The Case of {B}itcoin Pooled Mining},
    booktitle={CSF},
    year = {2015},
}


@misc{verification-walfish,
  author    = { Michael Walfish and Andrew Blumberg },
  title     = {Verifying computations without reexecuting them: from theoretical possibility to near-practicality},
  HOWPUBLISHED = {\url{http://eccc.hpi-web.de/report/2013/165/}},
  month     = {July},
  year      = {2014},
}

@INPROCEEDINGS{OM14,
author={O'Dwyer, Karl J. and Malone, David},
booktitle={Irish Signals Systems Conference 2014 and 2014 China-Ireland International Conference on Information and Communications Technologies (ISSC 2014/CIICT 2014). 25th IET},
title={Bitcoin Mining and its Energy Footprint},
year={2014},
pages={280-285},
month={June}
}

@misc{Hal14,
  author    = {Halford, Rob},
  title     = {Gridcoin: Crypto-Currency using Berkeley Open Infrastructure Network Computing Grid as a Proof Of Work},
  HOWPUBLISHED = {\url{http://www.gridcoin.us/images/gridcoin-white-paper.pdf}},
  month     = {May},
  year      = {2014},
}

@misc{July4,
 title = {Some Miners Generating Invalid Blocks},
 month = {July},
 year = {2015},
 howpublished = {\url{https://bitcoin.org/en/alert/2015-07-04-spv-mining}},
}

@misc{vitalik-response,
 title = {Response from founder of {E}thereum about our paper},
 month = {July},
 year = {2015},
 howpublished = {\url{https://www.reddit.com/r/ethereum/comments/3fcw0i/verifiers_dilemma_renders_ethereum_nonincentive/}},
}

@article{AK02,
author = {Noga Alon and Michael Krivelevich},
title = {Testing k-colorability},
journal = {SIAM Journal on Discrete Mathematics},
volume = {15},
number = {2},
pages = {211-227},
year = {2002},
}

@inproceedings{bitcoin-backbone,
  author    = {Juan A. Garay and
               Aggelos Kiayias and
               Nikos Leonardos},
  title     = {The {B}itcoin Backbone Protocol: Analysis and Applications},
  booktitle = {Advances in Cryptology - {EUROCRYPT} 2015},
  pages     = {281--310},
  year      = {2015},
}

@misc{pass-analysis,
    author = {Rafael Pass and Lior Seeman and abhi shelat},
    title = {Analysis of the Blockchain Protocol in Asynchronous Networks},
    howpublished = {Cryptology ePrint Archive, Report 2016/454},
    year = {2016},
}


@misc{pospace1,
    author = {Stefan Dziembowski and Sebastian Faust and Vladimir Kolmogorov and Krzysztof Pietrzak},
    title = {Proofs of Space},
    howpublished = {Cryptology ePrint Archive, Report 2013/796},
    year = {2013},
    note = {\url{http://eprint.iacr.org/}},
}

@misc{pospace2,
    author = {Giuseppe Ateniese and Ilario Bonacina and Antonio Faonio and Nicola Galesi},
    title = {Proofs of Space: When Space is of the Essence},
    howpublished = {Cryptology ePrint Archive, Report 2013/805},
    year = {2013},
    note = {\url{http://eprint.iacr.org/}},
}

@misc{postake,
    author = {Bitcoin wiki},
    title = {Proof of Stake},
    howpublished = {\url{https://en.bitcoin.it/wiki/Proof_of_Stake}},
    year = {2015},
}

@misc{rootstock,
    author = {RSK Labs},
    title = {Rootstock: Smart contracts platform powered by {B}itcoin},
    howpublished = {\url{http://www.rootstock.io/}},
    year = {2015},
}

@misc{counterparty,
    title = {Counterparty platform},
    howpublished = {\url{http://counterparty.io/}},
    year = {2015},
}


@inproceedings{verifiers-dilemma,
 author = {Luu, Loi and Teutsch, Jason and Kulkarni, Raghav and Saxena, Prateek},
 title = {Demystifying Incentives in the Consensus Computer},
 booktitle = {Proceedings of the 22Nd ACM SIGSAC Conference on Computer and Communications Security},
 series = {CCS '15},
 year = {2015},
 isbn = {978-1-4503-3832-5},
 location = {Denver, Colorado, USA},
 pages = {706--719},
 numpages = {14},
 url = {http://doi.acm.org/10.1145/2810103.2813659},
 doi = {10.1145/2810103.2813659},
 acmid = {2813659},
 publisher = {ACM},
 address = {New York, NY, USA},
 keywords = {bitcoin, consensus computer, cryptocurrency, ethereum, incentive compatibility, verifiable computation},
}

@misc{safe-contract,
    author = {D. Delmolino et al.},
    title = {Step by Step Towards Creating a Safe Smart Contract: Lessons and Insights from a Cryptocurrency Lab},
    howpublished = {Cryptology ePrint Archive, Report 2015/460},
    year = {2015},
    note = {\url{http://eprint.iacr.org/}},
}

@inproceedings{hawk,
    author = {A. Kosba et al.},
    title = {Hawk: The Blockchain Model of Cryptography and Privacy-Preserving Smart Contracts},
    booktitle = {SP},
    year = {2016},
}

@misc{town-criers,
    author = {F. Zhang et al.},
    title = {Town Crier: An Authenticated Data Feed for Smart Contracts},
    howpublished = {Cryptology ePrint Archive, Report 2016/168},
    year = {2016},
    note = {\url{http://eprint.iacr.org/}},
}

@inproceedings{criminal-contracts,
 author = {Juels, Ari and Kosba, Ahmed and Shi, Elaine},
 title = {The Ring of Gyges: Investigating the Future of Criminal Smart Contracts},
 booktitle = {Proceedings of the 2016 ACM SIGSAC Conference on Computer and Communications Security},
 series = {CCS '16},
 year = {2016},
 isbn = {978-1-4503-4139-4},
 location = {Vienna, Austria},
 pages = {283--295},
 numpages = {13},
 url = {http://doi.acm.org/10.1145/2976749.2978362},
 doi = {10.1145/2976749.2978362},
 acmid = {2978362},
 publisher = {ACM},
 address = {New York, NY, USA},
}



@misc{solidity,
    author = {Ethereum Foundation},
    title = {The Solidity Contract-Oriented Programming Language},
    howpublished = {\url{https://github.com/ethereum/solidity}},

}

@misc{serpent,
    author = {Ethereum Foundation},
    title = {The Serpent Contract-Oriented Programming Language},
    howpublished = {\url{https://github.com/ethereum/serpent}},

}

@misc{block-timestamp,
    author = {Ethereum Foundation},
    title = {Block Validation Algorithm},
    howpublished = {\url{https://github.com/ethereum/wiki/wiki/Block-Protocol-2.0#block-validation-algorithm}},

}

@misc{lotto-polo,
    title = {LottoPolo smart contract},
    howpublished = {\url{https://etherchain.org/account/0x0155ce35fe73249fa5d6a29f3b4b7b98732eb2ed}},

}

@misc{king-of-ether,
    title = {{KingOfTheEtherThrone} smart contract},
    howpublished = {\url{https://github.com/kieranelby/KingOfTheEtherThrone/blob/v0.4.0/contracts/KingOfTheEtherThrone.sol}},

}

@misc{z3,
    title = {The {Z3} Theorem Prover},
    author = { Microsoft Corporation},
    howpublished = {\url{https://github.com/Z3Prover/z3}},

}


@misc{etherdice,
    title = {{EtherDice} smart contract is down for maintenance},
    howpublished = {\url{https://www.reddit.com/r/ethereum/comments/47f028/etherdice_is_down_for_maintenance_we_are_having/}},

}

@misc{governmental,
    title = {{GovernMental}'s 1100 {ETH} payout is stuck because it uses too much gas},
    howpublished = {\url{https://www.reddit.com/r/ethereum/comments/4ghzhv/governmentals_1100_eth_jackpot_payout_is_stuck/}},

}

@misc{etherid,
    title = {{EtherID}: {E}thereum Name Registrar},
    author={A. Naverniouk},
    howpublished = {\url{http://etherid.org/}},
}

@misc{smartponzi,
    title = {{SmartPonzi}, a {P}onzi scheme simulator based on {E}thereum},
    author={smartcontractor},
    howpublished = {\url{https://github.com/smartcontractor/smartponzi-dapp}},
}


@misc{btcrelay-bounty,
    title = {{BTC Relay} included in {Ethereum Bounty Program}},
    author={Gustav Simonsson},
    howpublished = {\url{https://blog.ethereum.org/2016/02/17/btc_relay_included_in_bounty_program/}},
}


@misc{smartpool-github,
    title = {{SmartPool}'s Github},
    author={SmartPool team},
    howpublished = {\url{https://github.com/smartpool}},
}


@misc{btcrelay,
    title = {{BTC Relay}: A bridge between the {B}itcoin blockchain \& {E}thereum smart contracts},
    author={Ethereum and Consensys},
    howpublished = {\url{http://btcrelay.org/}},
}

@misc{etherex,
    title = {{EtherEx}: A fully decentralized cryptocurrency exchange},
    howpublished = {\url{https://etherex.org/}},
}



@misc{etheropt,
    title = {{EtherOpt}: A decentralized options exchange},
    howpublished = {\url{http://etheropt.github.io/}},
}


@article{king-se,
 author = {King, J. C.},
 title = {Symbolic Execution and Program Testing},
 journal = {Commun. ACM},
 issue_date = {July 1976},
 volume = {19},
 number = {7},
 pages = {385--394},
 numpages = {10},
 publisher = {ACM},
}


@article{spanner,
 author = {J. C. Corbett et al.},
 title = {Spanner: Google's Globally Distributed Database},
 journal = {ACM Trans. Comput. Syst.},
 month = {aug},
 year = {2013},
 doi = {10.1145/2491245},
 publisher = {ACM},
 address = {New York, NY, USA},
}

@inproceedings{megastore,
title = {Megastore: Providing Scalable, Highly Available Storage for Interactive Services},
author  = {J. Baker et al.},
year  = 2011,
booktitle = {CIDR},
pages = {223--234}
}

@misc{governmental-contract,
    title = {{GovernMental Smart Contract}},
    howpublished = {\url{http://governmental.github.io/GovernMental/}}
}

@misc{protect-the-castle,
    title = {{Protect The Castle Contract}},
    howpublished = {\url{http://protect-the-castle.ether-contract.org/}}
}

@misc{therun,
    title = {{The Run smart contract}},
    howpublished = {\url{https://etherscan.io/address/0xcac337492149bdb66b088bf5914bedfbf78ccc18}}
}

@misc{etherscan,
    title = {The {E}thereum Block Explorer},
    howpublished = {\url{https://etherscan.io/}}
}

@misc{etherchain,
    title = {The {E}thereum Network Stats},
    howpublished = {\url{https://etherchain.org/}}
}

@misc{randao,
    title = {Random Number Generator Contract},
    howpublished = {\url{https://github.com/randao/randao}}
}

@misc{bitcoin-randomseed,
    author = {J. Bonneau and J. Clark and S. Goldfeder},
    title = {On {B}itcoin as a public randomness source},
    howpublished = {Cryptology ePrint Archive, Report 2015/1015},
    year = {2015},
    note = {\url{http://eprint.iacr.org/}},
}


@INPROCEEDINGS{Mattern89virtualtime,
    author = {F. Mattern},
    title = {Virtual Time and Global States of Distributed Systems},
    booktitle = {Parallel and Distributed Algorithms},
    year = {1989},
    pages = {215--226},
}


@article{fidge1988timestamps,
  author = {Fidge, C. J.},
  description = {Timestamps in message-passing systems that preserve the partial ordering },
  journal = {Proceedings of the 11th Australian Computer Science Conference},
  number = 1,
  pages = {56–66},
  title = {Timestamps in message-passing systems that preserve the partial ordering},
  volume = 10,
  year = 1988
}

@article{Lamport:1978,
 author = {Lamport, L.},
 title = {Time, Clocks, and the Ordering of Events in a Distributed System},
 journal = {Commun. ACM},
 month = jul,
 year = {1978},
 issn = {0001-0782},
 pages = {558--565},
 numpages = {8},
}

@article{Bernstein:1981,
 author = {Bernstein, P. A. and Goodman, N.},
 title = {Concurrency Control in Distributed Database Systems},
 journal = {ACM Comput. Surv.},
 volume = {13},
 number = {2},
 month = jun,
 year = {1981},
 issn = {0360-0300},
 pages = {185--221},
}

@article{Barghouti:1991,
 author = {Barghouti, Nasser S. and Kaiser, Gail E.},
 title = {Concurrency Control in Advanced Database Applications},
 journal = {ACM Comput. Surv.},
 issue_date = {Sept. 1991},
 volume = {23},
 number = {3},
 month = sep,
 year = {1991},
 issn = {0360-0300},
 pages = {269--317},
}

@techreport{back_hashcash_2002,
  title = {Hashcash - A Denial of Service Counter-Measure},
  author = {Back, Adam},
  year = {2002},
}



@misc{getblocktemplate,
author = {Bitcoin Wiki},
Title = {{$\msf{getblocktemplate}$ mining protocol}},
HOWPUBLISHED = {\url{https://en.bitcoin.it/wiki/Getblocktemplate}},
year = {2015},
month = {November},
}

@misc{pool-stats,
Title = {{Bitcoin hashrate distribution}},
HOWPUBLISHED = {\url{https://blockchain.info/pools}},
year = {2015},
month = {Jan},
}

@misc{censorship,
Title = {{The problem of censorship}},
HOWPUBLISHED = {\url{https://blog.ethereum.org/2015/06/06/the-problem-of-censorship/}},
year = {2015},
month = {June},
}


@article{bitcoin-white-paper,
  author    = {Satoshi Nakamoto},
  title     = {Bitcoin: A Peer-to-Peer Electronic Cash System},
  journal   = {bitcoin.org},
  year      = {2009},
  ee        = {http://bitcoin.org/bitcoin.pdf},
}

@inproceedings{csf15,
  author    = {Loi Luu and
               Ratul Saha and
               Inian Parameshwaran and
               Prateek Saxena and
               Aquinas Hobor},
  title     = {On Power Splitting Games in Distributed Computation: The Case of Bitcoin
               Pooled Mining},
  booktitle = {{IEEE} 28th Computer Security Foundations Symposium, {CSF} 2015, Verona,
               Italy, 13-17 July, 2015},
  pages     = {397--411},
  year      = {2015},
  url       = {http://dx.doi.org/10.1109/CSF.2015.34},
  doi       = {10.1109/CSF.2015.34},
}

@inproceedings{ittay-bwh,
 author = {Eyal, Ittay},
 title = {The Miner's Dilemma},
 booktitle = {Proceedings of the 2015 IEEE Symposium on Security and Privacy},
 series = {SP '15},
 year = {2015},
 isbn = {978-1-4673-6949-7},
 pages = {89--103},
 numpages = {15},
 url = {http://dx.doi.org/10.1109/SP.2015.13},
 doi = {10.1109/SP.2015.13},
 acmid = {2867707},
 publisher = {IEEE Computer Society},
 address = {Washington, DC, USA},
 keywords = {bitcoin, mining, pools, proof of work, cryptocurrency},
}

@inproceedings{elastico,
 author = {Luu, Loi and Narayanan, Viswesh and Zheng, Chaodong and Baweja, Kunal and Gilbert, Seth and Saxena, Prateek},
 title = {A Secure Sharding Protocol For Open Blockchains},
 booktitle = {Proceedings of the 2016 ACM SIGSAC Conference on Computer and Communications Security},
 series = {CCS '16},
 year = {2016},
 isbn = {978-1-4503-4139-4},
 location = {Vienna, Austria},
 pages = {17--30},
 numpages = {14},
 url = {http://doi.acm.org/10.1145/2976749.2978389},
 doi = {10.1145/2976749.2978389},
 acmid = {2978389},
 publisher = {ACM},
 address = {New York, NY, USA},
 keywords = {bitcoin, consensus protocol, sharding},
}

@Inbook{Croman2016,
author="Croman, Kyle
and Decker, Christian
and Eyal, Ittay
and Gencer, Adem Efe
and Juels, Ari
and Kosba, Ahmed
and Miller, Andrew
and Saxena, Prateek
and Shi, Elaine
and G{\"u}n Sirer, Emin
and Song, Dawn
and Wattenhofer, Roger",
editor="Clark, Jeremy
and Meiklejohn, Sarah
and Ryan, Peter Y.A.
and Wallach, Dan
and Brenner, Michael
and Rohloff, Kurt",
title="On Scaling Decentralized Blockchains",
bookTitle="Financial Cryptography and Data Security: FC 2016 International Workshops, BITCOIN, VOTING, and WAHC, Christ Church, Barbados, February 26, 2016, Revised Selected Papers",
year="2016",
publisher="Springer Berlin Heidelberg",
address="Berlin, Heidelberg",
pages="106--125",
isbn="978-3-662-53357-4",
doi="10.1007/978-3-662-53357-4_8",
}

@article{bitcoin-sp12,
author = {Arthur Gervais and Ghassan O. Karame and Vedran Capkun and Srdjan Capkun},
title = {Is Bitcoin a Decentralized Currency?},
journal = {IEEE Security and Privacy},
volume = {12},
number = {3},
issn = {1540-7993},
year = {2014},
pages = {54-60},
publisher = {IEEE Computer Society},
address = {Los Alamitos, CA, USA}
}


@misc{ethash-experiment,
Title = {{Contract that verifies Ethash's PoW}},
HOWPUBLISHED = {\url{http://tinyurl.com/gpdmpyh}},
}




@misc{eth-submit-claim,
Title = {Transaction that submits a claim to an Ethereum pool},
HOWPUBLISHED = {\url{http://tinyurl.com/ya9vbc2k}},
}

@misc{eth-verify-claim-1,
Title = {Transaction that verifies a claim in an Ethereum pool},
HOWPUBLISHED = {\url{http://tinyurl.com/y9an3pwp}},
}

@misc{eth-verify-claim-2,
Title = {Transaction that verifies a claim in an Ethereum pool, batch size = $2^{20}$},
HOWPUBLISHED = {\url{http://tinyurl.com/zqlezmx}},
}
@misc{eth-verify-claim-3,
Title = {Transaction that verifies a claim in an Ethereum pool, batch size = $2^{30}$},
HOWPUBLISHED = {\url{http://tinyurl.com/z2jezmq}},
}
@misc{eth-verify-claim-4,
Title = {Transaction that verifies a claim in an Ethereum pool, batch size = $2^{40}$},
HOWPUBLISHED = {\url{http://tinyurl.com/glhqmuj}},
}
@misc{eth-verify-claim-5,
Title = {Transaction that verifies a claim in an Ethereum pool, batch size = $2^{50}$},
HOWPUBLISHED = {\url{http://tinyurl.com/hymv5sf}},
}
~\footnote{\url{http://tinyurl.com/gkufjmt}}
@misc{eth-code,
Title = {Source code of a \codename-based Ethereum mining pool},
HOWPUBLISHED = {\url{http://tinyurl.com/yc22jdjs}},
}
\footnote{\url{http://tinyurl.com/hmt9sb3}}
@misc{eth-store-merkle,
Title = {Transaction that stores all Merkle roots of the 1GB data sets in Ethash},
HOWPUBLISHED = {\url{http://tinyurl.com/hmt9sb3}},
}

~\footnote{\url{http://tinyurl.com/j4g54gr}}
@misc{btc-code,
Title = {Contract for \codename-based Bitcoin mining pool},
HOWPUBLISHED = {\url{http://tinyurl.com/j4g54gr}},
}

% \footnote{\url{http://tinyurl.com/hcuy8xn}}
% \footnote{\url{http://tinyurl.com/z62mxpz}}
% \footnote{\url{http://tinyurl.com/zfemq7l}}
% \footnote{\url{http://tinyurl.com/zftnr65}}
% \footnote{\url{http://tinyurl.com/zvncv7y}}
% \footnote{\url{http://tinyurl.com/gp77d5z}}
% \footnote{\url{http://tinyurl.com/zq8f66c}}.

@misc{btc-submit-fullblock,
Title = {{Transaction that submits a valid block to a Bitcoin pool}},
HOWPUBLISHED = {\url{http://tinyurl.com/hcuy8xn}},
}

@misc{btc-submit-claim,
Title = {Transaction that submits a claim to a Bitcoin pool},
HOWPUBLISHED = {\url{http://tinyurl.com/z62mxpz}},
}

@misc{btc-verify-claim-1,
Title = {Transaction that verifies a claim in a Bitcoin pool, batch size = $2^{10}$},
HOWPUBLISHED = {\url{http://tinyurl.com/zfemq7l}},
}

@misc{btc-verify-claim-2,
Title = {Transaction that verifies a claim in a Bitcoin pool, batch size = $2^{20}$},
HOWPUBLISHED = {\url{http://tinyurl.com/zftnr65}},
}
@misc{btc-verify-claim-3,
Title = {Transaction that verifies a claim in a Bitcoin pool, batch size = $2^{30}$},
HOWPUBLISHED = {\url{http://tinyurl.com/zvncv7y}},
}
@misc{btc-verify-claim-4,
Title = {Transaction that verifies a claim in a Bitcoin pool, batch size = $2^{40}$},
HOWPUBLISHED = {\url{http://tinyurl.com/gp77d5z}},
}
@misc{btc-verify-claim-5,
Title = {Transaction that verifies a claim in a Bitcoin pool, batch size = $2^{50}$},
HOWPUBLISHED = {\url{http://tinyurl.com/zq8f66c}},
}

footnote{\url{http://tinyurl.com/hzlcxl2}}
@misc{dumbpool,
Title = {A {\scshape DumbPool} contract that verifies each share},
HOWPUBLISHED = {\url{http://tinyurl.com/hzlcxl2}},
}
\footnote{\url{http://tinyurl.com/z8oszxr}}
@misc{dumbpool-verify-share,
Title = {A transaction that verifies a share in {\scshape DumbPool}},
HOWPUBLISHED = {\url{http://tinyurl.com/z8oszxr}},
}

\footnote{\url{http://ethpool.org/faq}}
@misc{ethpool-faq,
Title = {EthPool's FAQs},
HOWPUBLISHED = {\url{http://ethpool.org/faq}},
}

@inproceedings{oyente,
 author = {Luu, Loi and Chu, Duc-Hiep and Olickel, Hrishi and Saxena, Prateek and Hobor, Aquinas},
 title = {Making Smart Contracts Smarter},
 booktitle = {Proceedings of the 2016 ACM SIGSAC Conference on Computer and Communications Security},
 series = {CCS '16},
 year = {2016},
 isbn = {978-1-4503-4139-4},
 location = {Vienna, Austria},
 pages = {254--269},
 numpages = {16},
 url = {http://doi.acm.org/10.1145/2976749.2978309},
 doi = {10.1145/2976749.2978309},
 acmid = {2978309},
 publisher = {ACM},
 address = {New York, NY, USA},
 keywords = {blockchain, cryptocurrencies, ethereum, smart contract, symbolic execution},
}

%\footnote{\url{https://blockchain.info/charts/n-transactions-per-block}}
@misc{ntx-perblock,
Title = {Number of transactions per block},
HOWPUBLISHED = {\url{https://blockchain.info/charts/n-transactions-per-block}},
}

%\footnote{\url{http://tinyurl.com/zrp3dod}}
@misc{p2pool-tx,
Title = {\ppool's coinbase transaction},
HOWPUBLISHED = {\url{https://tinyurl.com/zrp3dod}},
}
% \footnote{\url{http://tinyurl.com/z826q5m}}

@misc{mining-rig,
Title = {Ethereum mining rig},
HOWPUBLISHED = {\url{https://www.ethereumminer.eu/product/Ethereum-Mining-Rigs/ETHEU-MINER-450MH-V2/Ethereum-Miner-450MH.html}},
}

@INPROCEEDINGS{catena:2017,
  author={Alin Tomescu and Srivinas Devadas},
  booktitle={2017 IEEE Symposium on Security and Privacy (SP)},
  title={Catena: Efficient Non-equivocation via Bitcoin},
  year={2017},
  pages={393-409},
  keywords={Bandwidth;Bitcoin;Prototypes;Public key;Servers;Software},
  doi={10.1109/SP.2017.19},
  month={May},
}

% \footnote{\url{http://tinyurl.com/zobhqb8}}
@misc{profit-cal,
Title = {Ethereum Mining Profitability Calculator},
HOWPUBLISHED = {\url{https://badmofo.github.io/ethereum-mining-calculator/}},
}
% ~\footnote{\url{https://www.hobbymining.com/mining-hardware/}}
@misc{btc-mining-hardawre,
Title = {Bitcoin Mining Hardware ASICs and Rigs},
HOWPUBLISHED = {\url{https://www.hobbymining.com/mining-hardware/}},
}

% \footnote{\url{https://github.com/ethereum/wiki/wiki/Ethash}}
@misc{ethash,
Title = {Ethash proof of work},
HOWPUBLISHED = {\url{https://github.com/ethereum/wiki/wiki/Ethash}},
author={Ethereum Foundation}
}
% \footnote{\url{https://slushpool.com/help/\#!/manual/terminology\#vardiff}}
@misc{slushpool-help,
Title = {Share rate},
HOWPUBLISHED = {\url{https://slushpool.com/help/\#!/manual/terminology\#vardiff}},
author={Slush pool}
}

%~\footnote{\url{https://slushpool.com/help/\#!/first-aid/troubleshooting}}.
@misc{slushpool-help2,
Title = {Difficulty of a share},
HOWPUBLISHED = {\url{https://slushpool.com/help/\#!/first-aid/troubleshooting}},
author={Slush pool}
}


@article{hijacking-bitcoin,
  author    = {Maria Apostolaki and
               Aviv Zohar and
               Laurent Vanbever},
  title     = {Hijacking Bitcoin: Large-scale Network Attacks on Cryptocurrencies},
  journal   ={To appear at IEEE Security and Privacy},
  year      ={2017},
  url       = {http://arxiv.org/abs/1605.07524},
}


@Inbook{popow,
author="Kiayias, Aggelos
and Lamprou, Nikolaos
and Stouka, Aikaterini-Panagiota",
title="Proofs of Proofs of Work with Sublinear Complexity",
bookTitle="Financial Cryptography and Data Security: FC 2016 International Workshops, BITCOIN, VOTING, and WAHC, Christ Church, Barbados, February 26, 2016, Revised Selected Papers",
year="2016",
publisher="Springer Berlin Heidelberg",
address="Berlin, Heidelberg",
pages="61--78",
}


@article{nipopow,
author="Kiayias, Aggelos
and Miller, Andrew
and Zindros, Dionysis",
title="Non-interactive proofs of proof-of-work",
year="2017",
publisher="Internal draft",
}

@misc{mmr,
Title = {Merkle Mountain Range},
HOWPUBLISHED = {\url{https://github.com/opentimestamps/opentimestamps-server/blob/master/doc/merkle-mountain-range.md}},
author={Peter Todd}
}


@misc{andrew-bitcointalk,
Title = {The High-Value-Hash Highway},
HOWPUBLISHED = {\url{https://bitcointalk.org/index.php?topic=98986.0}},
author={socrates1024},
year={2012}
}


@misc{binance-report,
Title = {Binance Q2 --- Recap},
HOWPUBLISHED = {\url{https://www.linkedin.com/pulse/binance-q2-changpeng-zhao/}},
author={Chaopeng Zhao},
year={2018}
}

@misc{plasma,
Title = {Plasma: Scalable Autonomous Smart Contracts},
HOWPUBLISHED = {\url{https://plasma.io/}},
author={Joseph, Poon and Vitalik, Buterin},
year={2017}
}


@misc{plasma-mvp,
Title = {Minimal Viable Plasma},
HOWPUBLISHED = {\url{https://ethresear.ch/t/minimal-viable-plasma/426}},
author={Vitalik Buterin},
year={2018}
}

@misc{plasma-cash,
Title = {Plasma Cash},
HOWPUBLISHED = {\url{https://ethresear.ch/t/plasma-cash-plasma-with-much-less-per-user-data-checking/1298}},
author={Vitalik Buterin},
year={2018}
}


@misc{peacerelay,
Title = {PeaceRelay: Connecting the many Ethereum Blockchains},
HOWPUBLISHED = {\url{https://medium.com/@loiluu/peacerelay-connecting-the-many-ethereum-blockchains-22605c300ad3}},
author={Loi Luu},
year={2017}
}

@misc{omniledger,
    author = {Eleftherios Kokoris-Kogias and Philipp Jovanovic and  Linus Gasser and Nicolas Gailly and Ewa Syta and Bryan Ford},
    title = {OmniLedger: A Secure, Scale-Out, Decentralized Ledger via Sharding},
    howpublished = {Cryptology ePrint Archive, Report 2017/406},
    year = {2017},
    note = {\url{https://eprint.iacr.org/2017/406}},
}

@misc{zilliqa,
Title = {The ZILLIQA Technical Whitepaper},
HOWPUBLISHED = {\url{https://docs.zilliqa.com/whitepaper.pdf}},
author={The ZILLIQA team},
year={2017}
}

@misc{submarine,
Title = {To Sink Frontrunners, Send in the Submarines},
HOWPUBLISHED = {\url{http://hackingdistributed.com/2017/08/28/submarine-sends/}},
author = {Lorenz Breidenbach and Phil Daian and Ari Juels and Florian Tramèr},
year = 2017
}

@misc{honeybadger,
    author = {Andrew Miller and Yu Xia and Kyle Croman and Elaine Shi and Dawn Song},
    title = {The Honey Badger of BFT Protocols},
    howpublished = {Cryptology ePrint Archive, Report 2016/199},
    year = {2016},
    note = {\url{https://eprint.iacr.org/2016/199}},
}

@inproceedings{algorand,
 author = {Gilad, Yossi and Hemo, Rotem and Micali, Silvio and Vlachos, Georgios and Zeldovich, Nickolai},
 title = {Algorand: Scaling Byzantine Agreements for Cryptocurrencies},
 booktitle = {Proceedings of the 26th Symposium on Operating Systems Principles},
 series = {SOSP '17},
 year = {2017},
 isbn = {978-1-4503-5085-3},
 location = {Shanghai, China},
 pages = {51--68},
 numpages = {18},
 url = {http://doi.acm.org/10.1145/3132747.3132757},
 doi = {10.1145/3132747.3132757},
 acmid = {3132757},
 publisher = {ACM},
 address = {New York, NY, USA},
}

@article{flp-impossibility,
 author = {Fischer, Michael J. and Lynch, Nancy A. and Paterson, Michael S.},
 title = {Impossibility of Distributed Consensus with One Faulty Process},
 journal = {J. ACM},
 issue_date = {April 1985},
 volume = {32},
 number = {2},
 month = apr,
 year = {1985},
 issn = {0004-5411},
 pages = {374--382},
 numpages = {9},
 url = {http://doi.acm.org/10.1145/3149.214121},
 doi = {10.1145/3149.214121},
 acmid = {214121},
 publisher = {ACM},
 address = {New York, NY, USA},
}

@misc{randhound,
    author = {Ewa Syta and Philipp Jovanovic and Eleftherios Kokoris Kogias and Nicolas Gailly and Linus Gasser and Ismail Khoffi and Michael J. Fischer and Bryan Ford},
    title = {Scalable Bias-Resistant Distributed Randomness},
    howpublished = {Cryptology ePrint Archive, Report 2016/1067},
    year = {2016},
    note = {\url{https://eprint.iacr.org/2016/1067}},
}

@misc{atomic-swap-wiki,
author = {Bitcoin Wiki},
Title = {Atomic cross-chain trading},
HOWPUBLISHED = {\url{https://en.bitcoin.it/wiki/Atomic_cross-chain_trading}},
year = {2018},
month = {January},
}

@misc{tesseract,
  author = {Iddo Bentov and Yan Ji and Fan Zhang and Yunqi Li and Xueyuan Zhao and Lorenz Breidenbach and Philip Daian and Ari Juels},
  title = {Tesseract: Real-Time Cryptocurrency Exchange using Trusted Hardware},
  howpublished = {Cryptology ePrint Archive, Report 2017/1153},
  year = {2017},
  note = {Accessed:2017-12-04},
  url = {https://eprint.iacr.org/2017/1153.pdf},
}

@TECHREPORT{fair-exchange-impossibility,
    author = {Henning Pagnia and Felix C. Gärtner},
    title = {On the impossibility of fair exchange without a trusted third party},
    institution = {},
    year = {1999}
}

@misc{miller2017sprites,
  author = {Andrew Miller and Iddo Bentov and Ranjit Kumaresan and Patrick McCorry},
  title = {Sprites: Payment Channels that Go Faster than Lightning},
  journal = {arXiv preprint arXiv:1702.05812},
  year = {2017},
  howpublished = {\url{https://arxiv.org/pdf/1702.05812.pdf}},
  note = {Accessed: 2017-03-22},
  url = {https://arxiv.org/pdf/1702.05812.pdf},
}

@misc{lightning,
  author = {Joseph Poon and Thaddeus Dryja},
  title = {The bitcoin lightning network},
  year = {2016},
  howpublished = {\url{https://lightning.network/lightning-network-paper.pdf}},
  note = {Accessed: 2016-07-07},
  url = {https://lightning.network/lightning-network-paper.pdf},
}

@misc{Coleman2018,
   author = "Jeff Coleman and Liam Horne and Li Xuanji",
   title = "Counterfactual: Generalized State Channels",
   year = "2018",
   howpublished = {\url{http://l4.ventures/papers/statechannels.pdf}}
}

@misc{Dziembowski2018,
   author = "Stefan Dziembowski and Sebastian Faust and Kristina Hostakova",
   title = "Foundations of State Channel Networks",
   year = "2018",
   howpublished = {\url{https://eprint.iacr.org/2018/320.pdf}}
}
